<record><leader>03181pam a2200457 i 4500</leader><controlfield tag="001">6790519</controlfield><controlfield tag="003">OCoLC</controlfield><controlfield tag="005">20150112121237.0</controlfield><controlfield tag="008">140108s2015    paua     b    001 0 eng  </controlfield><datafield ind1=" " ind2=" " tag="010"><subfield code="a">  2014000607</subfield></datafield><datafield ind1="7" ind2=" " tag="016"><subfield code="a">101623343</subfield><subfield code="2">DNLM</subfield></datafield><datafield ind1=" " ind2=" " tag="020"><subfield code="a">9781451151695</subfield></datafield><datafield ind1=" " ind2=" " tag="020"><subfield code="a">1451151691</subfield></datafield><datafield ind1=" " ind2=" " tag="035"><subfield code="a">ocn868259524</subfield></datafield><datafield ind1=" " ind2=" " tag="040"><subfield code="a">DNLM/DLC</subfield><subfield code="b">eng</subfield><subfield code="e">rda</subfield><subfield code="c">DLC</subfield><subfield code="d">NLM</subfield><subfield code="d">OCLCO</subfield><subfield code="d">YDXCP</subfield><subfield code="d">BTCTA</subfield><subfield code="d">BDX</subfield><subfield code="d">OCLCO</subfield><subfield code="d">OCLCQ</subfield><subfield code="d">OCLCO</subfield><subfield code="d">CUS</subfield><subfield code="d">UWO</subfield><subfield code="d">UAB</subfield><subfield code="d">AEU</subfield></datafield><datafield ind1=" " ind2=" " tag="042"><subfield code="a">pcc</subfield></datafield><datafield ind1="0" ind2="0" tag="050"><subfield code="a">RE661.D3</subfield><subfield code="b">A26492 2015</subfield></datafield><datafield ind1="0" ind2="0" tag="060"><subfield code="a">WW 270</subfield><subfield code="b">A26492 2015</subfield></datafield><datafield ind1="0" ind2="0" tag="082"><subfield code="a">618.97/7735</subfield><subfield code="2">23</subfield></datafield><datafield ind1=" " ind2=" " tag="090"><subfield code="a">RE 661 D3 A26492 2015</subfield><subfield code="b">AEU</subfield></datafield><datafield ind1="0" ind2=" " tag="130"><subfield code="a">Age-related macular degeneration (Alfaro)</subfield></datafield><datafield ind1="1" ind2="0" tag="245"><subfield code="a">Age-related macular degeneration /</subfield><subfield code="c">editors, D. Virgil Alfaro III, MD, Eric P. Jablon, MD, John Barnwell Kerrison, MD, Kenneth A. Sharpe, MD, Monica Rodriguez Fontal, MD.</subfield></datafield><datafield ind1=" " ind2=" " tag="250"><subfield code="a">Second edition.</subfield></datafield><datafield ind1=" " ind2="1" tag="264"><subfield code="a">Philadelphia :</subfield><subfield code="b">Wolters Kluwer,</subfield><subfield code="c">[2015]</subfield></datafield><datafield ind1=" " ind2=" " tag="300"><subfield code="a">xii, 320 pages :</subfield><subfield code="b">illustrations (some color) ;</subfield><subfield code="c">29 cm</subfield></datafield><datafield ind1=" " ind2=" " tag="336"><subfield code="a">text</subfield><subfield code="b">txt</subfield><subfield code="2">rdacontent</subfield></datafield><datafield ind1=" " ind2=" " tag="337"><subfield code="a">unmediated</subfield><subfield code="b">n</subfield><subfield code="2">rdamedia</subfield></datafield><datafield ind1=" " ind2=" " tag="338"><subfield code="a">volume</subfield><subfield code="b">nc</subfield><subfield code="2">rdacarrier</subfield></datafield><datafield ind1=" " ind2=" " tag="504"><subfield code="a">Includes bibliographical references and index.</subfield></datafield><datafield ind1=" " ind2=" " tag="520"><subfield code="a">Stay up to date with the latest developments in your field with the highly-anticipated second edition of Age-Related Macular Degeneration. This comprehensive text covers recent advances in pathophysiology, diagnosis, and treatment including promising new developments that will affect your patient care. Dr. Virgil Alfaro and his colleagues at Retina Consultants of Charleston bring you their expertise in the areas of basic science, imaging, prevention, treatment, and more. Learn from a renowned group of retina surgeons who address all aspects of management, including anatomy, physiology, and pathophysiology; imaging of the macula in ARMD, prevention measures and treatment; and future directions in the field. Gain a solid foundation in intravenous fluorescein angiography, indocyanine green angiography, and optical coherence tomography, as well as antiVEGE therapy and related new drugs, optimizing your diagnosis and treatment options. Understand the significant change in the classification system of choroidal neovascular membranes in ARMD. Get up-to-date information on treating ARMD secondary to geographic atrophy through cell transplantation and pharmacologic therapies. Easily visualize key aspects of ARMD thanks to high-quality illustrations and photographs. Find the information you need quickly by referencing individual chapters that offer comprehensive and inclusive coverage of the topic at hand.</subfield></datafield><datafield ind1=" " ind2=" " tag="596"><subfield code="a">42</subfield></datafield><datafield ind1=" " ind2="0" tag="650"><subfield code="a">Retinal degeneration</subfield><subfield code="x">Age factors.</subfield></datafield><datafield ind1="1" ind2="2" tag="650"><subfield code="a">Macular Degeneration.</subfield></datafield><datafield ind1="2" ind2="2" tag="650"><subfield code="a">Choroidal Neovascularization.</subfield></datafield><datafield ind1="1" ind2=" " tag="700"><subfield code="a">Alfaro, D. Virgil,</subfield><subfield code="c">III,</subfield><subfield code="e">editor.</subfield></datafield><datafield ind1="1" ind2=" " tag="700"><subfield code="a">Jablon, Eric P.,</subfield><subfield code="e">editor.</subfield></datafield><datafield ind1="1" ind2=" " tag="700"><subfield code="a">Kerrison, John B.,</subfield><subfield code="e">editor.</subfield></datafield><datafield ind1="1" ind2=" " tag="700"><subfield code="a">Sharpe, Kenneth A.,</subfield><subfield code="e">editor.</subfield></datafield><datafield ind1="1" ind2=" " tag="700"><subfield code="a">Rodriguez-Fontal, Monica,</subfield><subfield code="e">editor.</subfield></datafield><datafield ind1=" " ind2=" " tag="949"><subfield code="a">RE 661 D3 A26492 2015</subfield><subfield code="c">1</subfield><subfield code="h">UAHL-B</subfield><subfield code="i">0162035225901</subfield></datafield><datafield ind1=" " ind2=" " tag="926"><subfield code="a">RE 661 D3 A26492 2015</subfield><subfield code="w">LC</subfield><subfield code="c">1</subfield><subfield code="i">0162035225901</subfield><subfield code="d">1/30/2017</subfield><subfield code="e">10/24/2016</subfield><subfield code="l">ON_SHELF</subfield><subfield code="m">UAHLTHSC</subfield><subfield code="n">1</subfield><subfield code="p">$150.00</subfield><subfield code="r">Y</subfield><subfield code="s">Y</subfield><subfield code="t">BOOK</subfield><subfield code="u">1/28/2015</subfield></datafield></record>